{
  "leader": "05280cam a2200577 i 4500",
  "fields": [
    {
      "001": "ocm08553158\\"
    },
    {
      "003": "OCoLC"
    },
    {
      "005": "20220707154815.0"
    },
    {
      "008": "820528s1982\\\\\\\\nyua\\\\\\\\\\b\\\\\\\\101\\0\\eng\\\\"
    },
    {
      "010": {
        "ind1": "\\",
        "ind2": "\\",
        "subfields": [
          {
            "a": "   82011249 "
          }
        ]
      }
    },
    {
      "040": {
        "ind1": "\\",
        "ind2": "\\",
        "subfields": [
          {
            "a": "DLC"
          },
          {
            "b": "eng"
          },
          {
            "e": "rda"
          },
          {
            "c": "DLC"
          },
          {
            "d": "OCL"
          },
          {
            "d": "MUQ"
          },
          {
            "d": "UV{dollar}"
          },
          {
            "d": "BAKER"
          },
          {
            "d": "OCLCQ"
          },
          {
            "d": "YDXCP"
          },
          {
            "d": "OCLCG"
          },
          {
            "d": "AU@"
          },
          {
            "d": "CRU"
          },
          {
            "d": "NLM"
          },
          {
            "d": "CGC"
          },
          {
            "d": "GEBAY"
          },
          {
            "d": "UKMGB"
          },
          {
            "d": "BDX"
          },
          {
            "d": "OCLCO"
          },
          {
            "d": "OCLCF"
          },
          {
            "d": "OCLCQ"
          },
          {
            "d": "OCLCO"
          },
          {
            "d": "OCL"
          },
          {
            "d": "OCLCO"
          },
          {
            "d": "OCLCQ"
          },
          {
            "d": "OCLCO"
          },
          {
            "d": "TXI"
          },
          {
            "d": "OCLCO"
          },
          {
            "d": "OCLCA"
          },
          {
            "d": "DCHUA"
          },
          {
            "d": "OCLCO"
          },
          {
            "d": "XFF"
          },
          {
            "d": "OCLCO"
          },
          {
            "d": "GWM"
          },
          {
            "d": "OCLCO"
          },
          {
            "d": "BUF"
          },
          {
            "d": "OCLCO"
          }
        ]
      }
    },
    {
      "016": {
        "ind1": "7",
        "ind2": "\\",
        "subfields": [
          {
            "a": "8209496"
          },
          {
            "2": "DNLM"
          }
        ]
      }
    },
    {
      "016": {
        "ind1": "7",
        "ind2": "\\",
        "subfields": [
          {
            "a": "005893792"
          },
          {
            "2": "Uk"
          }
        ]
      }
    },
    {
      "016": {
        "ind1": "7",
        "ind2": "\\",
        "subfields": [
          {
            "a": "014102953"
          },
          {
            "2": "Uk"
          }
        ]
      }
    },
    {
      "019": {
        "ind1": "\\",
        "ind2": "\\",
        "subfields": [
          {
            "a": "8573373"
          }
        ]
      }
    },
    {
      "020": {
        "ind1": "\\",
        "ind2": "\\",
        "subfields": [
          {
            "a": "0275913716"
          },
          {
            "z": "0030619645"
          }
        ]
      }
    },
    {
      "020": {
        "ind1": "\\",
        "ind2": "\\",
        "subfields": [
          {
            "a": "9780275913717"
          }
        ]
      }
    },
    {
      "020": {
        "ind1": "\\",
        "ind2": "\\",
        "subfields": [
          {
            "a": "9780030619649"
          }
        ]
      }
    },
    {
      "020": {
        "ind1": "\\",
        "ind2": "\\",
        "subfields": [
          {
            "a": "0030619645"
          }
        ]
      }
    },
    {
      "035": {
        "ind1": "\\",
        "ind2": "\\",
        "subfields": [
          {
            "a": "(OCoLC)8553158"
          },
          {
            "z": "(OCoLC)8573373"
          }
        ]
      }
    },
    {
      "050": {
        "ind1": "1",
        "ind2": "4",
        "subfields": [
          {
            "a": "R726.5"
          },
          {
            "b": ".P795 1982"
          }
        ]
      }
    },
    {
      "060": {
        "ind1": "0",
        "ind2": "0",
        "subfields": [
          {
            "a": "WA 30"
          },
          {
            "b": "P974 1982"
          }
        ]
      }
    },
    {
      "082": {
        "ind1": "0",
        "ind2": "4",
        "subfields": [
          {
            "a": "362.1"
          },
          {
            "b": "PSY"
          }
        ]
      }
    },
    {
      "245": {
        "ind1": "0",
        "ind2": "0",
        "subfields": [
          {
            "a": "Psychosocial factors affecting health /"
          },
          {
            "c": "edited by Mack Lipkin, Jr., Karel Kupka."
          }
        ]
      }
    },
    {
      "264": {
        "ind1": "\\",
        "ind2": "1",
        "subfields": [
          {
            "a": "New York :"
          },
          {
            "b": "Praeger Publishers,"
          },
          {
            "c": "1982."
          }
        ]
      }
    },
    {
      "300": {
        "ind1": "\\",
        "ind2": "\\",
        "subfields": [
          {
            "a": "xvii, 374 pages :"
          },
          {
            "b": "illustrations ;"
          },
          {
            "c": "25 cm."
          }
        ]
      }
    },
    {
      "336": {
        "ind1": "\\",
        "ind2": "\\",
        "subfields": [
          {
            "a": "text"
          },
          {
            "b": "txt"
          },
          {
            "2": "rdacontent"
          }
        ]
      }
    },
    {
      "337": {
        "ind1": "\\",
        "ind2": "\\",
        "subfields": [
          {
            "a": "unmediated"
          },
          {
            "b": "n"
          },
          {
            "2": "rdamedia"
          }
        ]
      }
    },
    {
      "338": {
        "ind1": "\\",
        "ind2": "\\",
        "subfields": [
          {
            "a": "volume"
          },
          {
            "b": "nc"
          },
          {
            "2": "rdacarrier"
          }
        ]
      }
    },
    {
      "504": {
        "ind1": "\\",
        "ind2": "\\",
        "subfields": [
          {
            "a": "Includes bibliographical references (pages 335-356) and index."
          }
        ]
      }
    },
    {
      "505": {
        "ind1": "0",
        "ind2": "\\",
        "subfields": [
          {
            "a": "Classification of psychosocial factors affecting health / Mack Lipkin, Jr. -- [pt.] 1. Multidimensional determinants of health: Determinants of health : people, situations, and social systems / Carol Buck ; The need for and scope of assessing psychosocial factors affecting health in developing countries / Thavitong Hongvivatana ; The disease model as a determinant of the health care organization model / Manuel Flores Bonifacio ; The need for assessing psychosocial factors affecting health in developed countries / Peter Westerholm -- [pt.] 2. Multidimensional models in primary care: Psychosocial problems and the disease model : two major determinants of primary health care delivery / Henk Lamberts ; Humanization of health care : rationale, means, and strategies / Denise Deliege ; The role of values and value deficiencies in primary health care recording systems / Elemer Hankiss, Robert Manchin, and Laszlo Fustos -- [pt.] 3. The classification of problems in general medical care: Classification of problems in general medical care : problems and questions / Mack Lipkin, Jr. ; The systematic assessment of psychological and social factors affecting health / Maurice Wood ; The need for a psychosicial classification system in primary care practice / Darrel A. Regier [and others] -- [pt.] 4. Proposed classifications of psychological symptoms and social problems in primary care: A proposed classification of social problems and psychological symptoms for inclusion in a classification of health problems / Darrell A. Regier [and others] ; A child-oriented psychosocial classification for primary health care / Barbara J. Burns, Jack D. Burke, Jr., and darrel A. Regier ; A proposed classification of mental disorders for inclusion in a multiaxial classification of health problems / Janet B.W. Williams and Robert L. Spitzer ; Classification of social problems affecting health : a new conceptual framework / Denise Deliege ; Proposed classifications of psychological and social problems in primary care : comments and questions / Mack Lipkin, Jr. -- [pt.] 5. Applications of classifications of primary health care: Social and psychological constructs of health records : the need for adaptation to different sociocultural environments / Robert Serpell ; Diagnosis of social problems in non-Western countries / Burton G. Burton-Bradley ; Challenges in the utilization of a triaxial classification of disease in a primary health care setting / Carlos E. Climent ; A mechanism for recording and reporting physical and psychosocial components of health in a community health system in Porto Alegre, Brazil / E. D'Arrigo Busnello ; On the teaching and learning of psychosocial aspects of primary care in developed countries / Mack Lipkin, Jr. -- Recommendations -- A classification of psychological symptoms and social problems for inclusion in a triaxial classification of health problems."
          }
        ]
      }
    },
    {
      "520": {
        "ind1": "\\",
        "ind2": "\\",
        "subfields": [
          {
            "a": "This book seeks to develop a theoretical frameworks for the triaxial classification of illness and to devise a practical means of implementing such a classification."
          }
        ]
      }
    },
    {
      "650": {
        "ind1": "\\",
        "ind2": "0",
        "subfields": [
          {
            "a": "Medicine and psychology"
          },
          {
            "v": "Congresses."
          }
        ]
      }
    },
    {
      "650": {
        "ind1": "\\",
        "ind2": "0",
        "subfields": [
          {
            "a": "Social medicine"
          },
          {
            "v": "Congresses."
          }
        ]
      }
    },
    {
      "650": {
        "ind1": "\\",
        "ind2": "0",
        "subfields": [
          {
            "a": "Nosology"
          },
          {
            "v": "Congresses."
          }
        ]
      }
    },
    {
      "650": {
        "ind1": "\\",
        "ind2": "0",
        "subfields": [
          {
            "a": "Social medicine"
          },
          {
            "x": "Congresses."
          }
        ]
      }
    },
    {
      "650": {
        "ind1": "\\",
        "ind2": "2",
        "subfields": [
          {
            "a": "Disease"
          },
          {
            "x": "classification"
          }
        ]
      }
    },
    {
      "650": {
        "ind1": "\\",
        "ind2": "2",
        "subfields": [
          {
            "a": "Disease"
          },
          {
            "x": "psychology"
          }
        ]
      }
    },
    {
      "650": {
        "ind1": "\\",
        "ind2": "2",
        "subfields": [
          {
            "a": "Socioeconomic Factors"
          }
        ]
      }
    },
    {
      "650": {
        "ind1": "\\",
        "ind2": "2",
        "subfields": [
          {
            "a": "Sociology, Medical"
          },
          {
            "x": "classification"
          }
        ]
      }
    },
    {
      "650": {
        "ind1": "\\",
        "ind2": "7",
        "subfields": [
          {
            "a": "Medicine and psychology."
          },
          {
            "2": "fast"
          },
          {
            "0": "(OCoLC)fst01015154"
          }
        ]
      }
    },
    {
      "650": {
        "ind1": "\\",
        "ind2": "7",
        "subfields": [
          {
            "a": "Nosology."
          },
          {
            "2": "fast"
          },
          {
            "0": "(OCoLC)fst01039530"
          }
        ]
      }
    },
    {
      "650": {
        "ind1": "\\",
        "ind2": "7",
        "subfields": [
          {
            "a": "Social medicine."
          },
          {
            "2": "fast"
          },
          {
            "0": "(OCoLC)fst01122637"
          }
        ]
      }
    },
    {
      "655": {
        "ind1": "\\",
        "ind2": "7",
        "subfields": [
          {
            "a": "Conference papers and proceedings."
          },
          {
            "2": "fast"
          },
          {
            "0": "(OCoLC)fst01423772"
          }
        ]
      }
    },
    {
      "700": {
        "ind1": "1",
        "ind2": "\\",
        "subfields": [
          {
            "a": "Lipkin, Mack,"
          },
          {
            "d": "1943-"
          },
          {
            "e": "editor."
          }
        ]
      }
    },
    {
      "700": {
        "ind1": "1",
        "ind2": "\\",
        "subfields": [
          {
            "a": "Kupka, Karel,"
          },
          {
            "c": "M.D.,"
          },
          {
            "e": "editor."
          }
        ]
      }
    },
    {
      "776": {
        "ind1": "0",
        "ind2": "8",
        "subfields": [
          {
            "i": "Online version:"
          },
          {
            "t": "Psychosocial factors affecting health."
          },
          {
            "d": "New York : Praeger Publishers, 1982"
          },
          {
            "w": "(OCoLC)899755810"
          }
        ]
      }
    },
    {
      "830": {
        "ind1": "\\",
        "ind2": "0",
        "subfields": [
          {
            "a": "Praeger scientific."
          }
        ]
      }
    },
    {
      "994": {
        "ind1": "\\",
        "ind2": "\\",
        "subfields": [
          {
            "a": "Z0"
          },
          {
            "b": "NYRVC"
          }
        ]
      }
    },
    {
      "948": {
        "ind1": "\\",
        "ind2": "\\",
        "subfields": [
          {
            "h": "NO HOLDINGS IN NYRVC - 181 OTHER HOLDINGS"
          }
        ]
      }
    },
    {
      "999": {
        "ind1": "\\",
        "ind2": "\\",
        "subfields": [
          {
            "a": "00000000013475"
          }
        ]
      }
    }
  ]
}